<mx:record xmlns="http://www.w3.org/TR/xhtml1/strict" xmlns:mx="http://www.loc.gov/MARC21/slim" xmlns:xsi="http://www.w3.org/2001/XMLSchema-instance"><mx:leader>00000nz   2200000n  4500</mx:leader><mx:controlfield tag="001">oca00742851 </mx:controlfield><mx:controlfield tag="005">19840322000000.0</mx:controlfield><mx:controlfield tag="008">820405n| acannaab|          |a aaa |||  </mx:controlfield><mx:datafield ind1=" " ind2=" " tag="010"><mx:subfield code="a">n  82045871</mx:subfield></mx:datafield><mx:datafield ind1=" " ind2=" " tag="040"><mx:subfield code="a">DLC</mx:subfield><mx:subfield code="c">DLC</mx:subfield></mx:datafield><mx:datafield ind1="0" ind2=" " tag="100"><mx:subfield code="a">Eubulus.</mx:subfield></mx:datafield><mx:datafield ind1="0" ind2=" " tag="400"><mx:subfield code="a">Euvoulos</mx:subfield></mx:datafield><mx:datafield ind1="0" ind2=" " tag="400"><mx:subfield code="a">Euboulos</mx:subfield></mx:datafield><mx:datafield ind1=" " ind2=" " tag="670"><mx:subfield code="a">His The fragments, 1982:</mx:subfield><mx:subfield code="b">t.p. (Eubulus)</mx:subfield></mx:datafield><mx:datafield ind1=" " ind2=" " tag="670"><mx:subfield code="a">Oxford classical dict.</mx:subfield><mx:subfield code="b">(Eubulus, Middle Comedy poet)</mx:subfield></mx:datafield><mx:datafield ind1=" " ind2=" " tag="670"><mx:subfield code="a">Megalē Hellēnikē enkykl.</mx:subfield><mx:subfield code="b">(Euvoulos or Euboulos)</mx:subfield></mx:datafield><mx:datafield ind1=" " ind2=" " tag="999"><mx:subfield code="a">234</mx:subfield></mx:datafield></mx:record>